<collection xmlns="http://www.loc.gov/MARC21/slim"><record><leader>00635nam  2200193   450</leader><controlfield tag="001">4</controlfield><controlfield tag="003">http://montalegre.opacnet.com/OPAC/default.aspx?ContentAreaControl=ShowRegHoldings.ascx&amp;RegNo=16662</controlfield><datafield tag="095" ind1=" " ind2=" "><subfield code="a">PTBN00510238</subfield></datafield><datafield tag="100" ind1=" " ind2=" "><subfield code="a">20061013d1939    km y0pory010305  ba</subfield></datafield><datafield tag="101" ind1="1" ind2=" "><subfield code="a">por</subfield></datafield><datafield tag="102" ind1=" " ind2=" "><subfield code="a">PT</subfield></datafield><datafield tag="200" ind1="1" ind2=" "><subfield code="a">&lt;O &gt;amor tem duas caras</subfield><subfield code="f">Henri Ardel</subfield><subfield code="g">trad. M. de Brito Guimaräes</subfield></datafield><datafield tag="210" ind1=" " ind2=" "><subfield code="a">Lisboa</subfield><subfield code="c">Guimarães Editores</subfield><subfield code="d">[1939]</subfield></datafield><datafield tag="215" ind1=" " ind2=" "><subfield code="a">216 p.</subfield><subfield code="d">19 cm</subfield></datafield><datafield tag="675" ind1=" " ind2=" "><subfield code="a">821</subfield><subfield code="z">por</subfield></datafield><datafield tag="700" ind1=" " ind2="1"><subfield code="a">Ardel</subfield><subfield code="b">Henri</subfield><subfield code="f">1863-1938</subfield></datafield><datafield tag="702" ind1=" " ind2="1"><subfield code="a">Guimarães</subfield><subfield code="b">M. de Brito</subfield><subfield code="4">730</subfield></datafield><datafield tag="801" ind1=" " ind2="0"><subfield code="a">PT</subfield><subfield code="b">Biblioteca Municipal de Montalegre</subfield><subfield code="g">RPC</subfield></datafield><datafield tag="856" ind1=" " ind2=" "><subfield code="u">locateMedia.asp?cod=20060503144300&amp;ext=jpg</subfield><subfield code="z">CAPA</subfield></datafield><datafield tag="909" ind1="&#9;" ind2=" "><subfield code="a">1</subfield></datafield><datafield tag="966" ind1=" " ind2=" "><subfield code="a">0008710</subfield><subfield code="l">BMM</subfield><subfield code="s">SCG 821 ARD amo</subfield></datafield></record></collection>